<record><leader>00000cas a22000007a 4500</leader><controlfield tag="001">32928695</controlfield><controlfield tag="008">950805d19891995inudr ne      0    0eng d</controlfield><datafield ind1=" " ind2=" " tag="010"><subfield code="a">sn 95067514 </subfield></datafield><datafield ind1=" " ind2=" " tag="040"><subfield code="a">NPI</subfield><subfield code="b">eng</subfield><subfield code="c">NPI</subfield><subfield code="d">OCLCQ</subfield></datafield><datafield ind1=" " ind2=" " tag="042"><subfield code="a">msc</subfield></datafield><datafield ind1="0" ind2="0" tag="245"><subfield code="a">Vidette-messenger of Porter County.</subfield></datafield><datafield ind1=" " ind2=" " tag="260"><subfield code="a">Valparaiso, IN :</subfield><subfield code="b">Richard B. Esposito,</subfield><subfield code="c">1989-1995.</subfield></datafield><datafield ind1=" " ind2=" " tag="300"><subfield code="a">7 v. :</subfield><subfield code="b">ill. ;</subfield><subfield code="c">58 cm.</subfield></datafield><datafield ind1=" " ind2=" " tag="310"><subfield code="a">Daily</subfield></datafield><datafield ind1="0" ind2=" " tag="362"><subfield code="a">Vol. 63, no. 83 (Oct. 11, 1989)-v. 69, no. 2 (July 31, 1995).</subfield></datafield><datafield ind1=" " ind2=" " tag="752"><subfield code="a">United States</subfield><subfield code="b">Indiana</subfield><subfield code="c">Porter</subfield><subfield code="d">Valparaiso.</subfield></datafield><datafield ind1="0" ind2="0" tag="780"><subfield code="t">Vidette-messenger</subfield><subfield code="w">(DLC)sn 86058328</subfield></datafield><datafield ind1="0" ind2="0" tag="785"><subfield code="t">Vidette-times</subfield><subfield code="w">(DLC)sn 95067525</subfield></datafield></record>